
   <record>
      <leader>00000nz  a2200000nc 4500</leader>
      <controlfield tag="001">institutions/51007494</controlfield>
      <controlfield tag="003">DE-633</controlfield>
      <controlfield tag="005">20250620052315.0</controlfield>
      <controlfield tag="008">231027||||z|||a|||||||||||||||||n||||||d</controlfield>
      <datafield tag="024" ind1="7" ind2=" ">
         <subfield code="a">158692738</subfield>
         <subfield code="2">VIAF</subfield>
      </datafield>
      <datafield tag="024" ind1="7" ind2=" ">
         <subfield code="a">2022437-0</subfield>
         <subfield code="2">DNB</subfield>
      </datafield>
      <datafield tag="024" ind1="7" ind2=" ">
         <subfield code="a">Q1410236</subfield>
         <subfield code="2">WKP</subfield>
      </datafield>
      <datafield tag="024" ind1="7" ind2=" ">
         <subfield code="a">CH-Asta</subfield>
         <subfield code="q">siglum</subfield>
         <subfield code="2">rism</subfield>
      </datafield>
      <datafield tag="034" ind1="1" ind2=" ">
         <subfield code="d">8.048900474173777</subfield>
         <subfield code="f">47.38802784771218</subfield>
      </datafield>
      <datafield tag="040" ind1=" " ind2=" ">
         <subfield code="a">DE-633</subfield>
         <subfield code="c">DE-633</subfield>
         <subfield code="e">rismg</subfield>
      </datafield>
      <datafield tag="043" ind1=" " ind2=" ">
         <subfield code="c">XA-CH</subfield>
      </datafield>
      <datafield tag="110" ind1="1" ind2=" ">
         <subfield code="a">Staatsarchiv Aargau</subfield>
         <subfield code="c">Aarau</subfield>
         <subfield code="g">CH-Asta</subfield>
      </datafield>
      <datafield tag="368" ind1=" " ind2=" ">
         <subfield code="a">Institution</subfield>
         <subfield code="a">Library</subfield>
         <subfield code="a">Archive</subfield>
      </datafield>
      <datafield tag="371" ind1=" " ind2=" ">
         <subfield code="a">Entfelderstrasse 22 (Buchenhof Turm C)</subfield>
         <subfield code="b">5001 Aarau</subfield>
         <subfield code="c">Kanton Aargau</subfield>
         <subfield code="d">Switzerland</subfield>
         <subfield code="m">staatsarchiv@ag.ch</subfield>
         <subfield code="u">https://www.ag.ch/de/verwaltung/bks/kultur/kulturpflege/bibliothek-archiv/staatsarchiv</subfield>
         <subfield code="z">tel: +41 / (0)62 / 835 12 90</subfield>
      </datafield>
      <datafield tag="551" ind1="1" ind2=" ">
         <subfield code="a">Aarau</subfield>
         <subfield code="0">places/3900725</subfield>
      </datafield>
   </record>