
   <record>
      <leader>00000nz  a2200000nc 4500</leader>
      <controlfield tag="001">institutions/30002614</controlfield>
      <controlfield tag="003">DE-633</controlfield>
      <controlfield tag="005">20250620052014.0</controlfield>
      <controlfield tag="008">161109||||z|||a|||||||||||||||||n||||||d</controlfield>
      <datafield tag="024" ind1="7" ind2=" ">
         <subfield code="a">CH-000031-4</subfield>
         <subfield code="2">ISIL</subfield>
      </datafield>
      <datafield tag="024" ind1="7" ind2=" ">
         <subfield code="a">157880358</subfield>
         <subfield code="2">VIAF</subfield>
      </datafield>
      <datafield tag="024" ind1="7" ind2=" ">
         <subfield code="a">CH-BEb</subfield>
         <subfield code="q">siglum</subfield>
         <subfield code="2">rism</subfield>
      </datafield>
      <datafield tag="034" ind1="1" ind2=" ">
         <subfield code="d">7.448335</subfield>
         <subfield code="f">46.947371</subfield>
      </datafield>
      <datafield tag="040" ind1=" " ind2=" ">
         <subfield code="a">DE-633</subfield>
         <subfield code="c">DE-633</subfield>
         <subfield code="e">rismg</subfield>
      </datafield>
      <datafield tag="043" ind1=" " ind2=" ">
         <subfield code="c">XA-CH</subfield>
      </datafield>
      <datafield tag="110" ind1="1" ind2=" ">
         <subfield code="a">Burgerbibliothek</subfield>
         <subfield code="c">Bern</subfield>
         <subfield code="g">CH-BEb</subfield>
      </datafield>
      <datafield tag="368" ind1=" " ind2=" ">
         <subfield code="a">Institution</subfield>
         <subfield code="a">Library</subfield>
      </datafield>
      <datafield tag="371" ind1=" " ind2=" ">
         <subfield code="a">Münstergasse 63</subfield>
         <subfield code="a">Postfach</subfield>
         <subfield code="b">3000 Bern 8</subfield>
         <subfield code="c">Kanton Bern</subfield>
         <subfield code="d">Switzerland</subfield>
         <subfield code="m">bbb@burgerbib.ch</subfield>
         <subfield code="u">http://www.burgerbib.ch/</subfield>
         <subfield code="z">tel: +41 / (0)31 / 320 33 33</subfield>
      </datafield>
      <datafield tag="551" ind1="1" ind2=" ">
         <subfield code="a">Bern</subfield>
         <subfield code="0">places/3900294</subfield>
      </datafield>
      <datafield tag="667" ind1=" " ind2=" ">
         <subfield code="a">Published sources: 307</subfield>
      </datafield>
   </record>