
   <record>
      <leader>00000nz  a2200000nc 4500</leader>
      <controlfield tag="001">institutions/51007268</controlfield>
      <controlfield tag="003">DE-633</controlfield>
      <controlfield tag="005">20250620052314.0</controlfield>
      <controlfield tag="008">230703||||z|||a|||||||||||||||||n||||||d</controlfield>
      <datafield tag="024" ind1="7" ind2=" ">
         <subfield code="a">140177850</subfield>
         <subfield code="2">VIAF</subfield>
      </datafield>
      <datafield tag="024" ind1="7" ind2=" ">
         <subfield code="a">CH-BRgv</subfield>
         <subfield code="q">siglum</subfield>
         <subfield code="2">rism</subfield>
      </datafield>
      <datafield tag="034" ind1="1" ind2=" ">
         <subfield code="d">7.990742056490259</subfield>
         <subfield code="f">46.31533869056652</subfield>
      </datafield>
      <datafield tag="040" ind1=" " ind2=" ">
         <subfield code="a">DE-633</subfield>
         <subfield code="c">DE-633</subfield>
         <subfield code="e">rismg</subfield>
      </datafield>
      <datafield tag="043" ind1=" " ind2=" ">
         <subfield code="c">XA-CH</subfield>
      </datafield>
      <datafield tag="110" ind1="1" ind2=" ">
         <subfield code="a">Geschichtsforschender Verein Oberwallis</subfield>
         <subfield code="c">Brig</subfield>
         <subfield code="g">CH-BRgv</subfield>
      </datafield>
      <datafield tag="368" ind1=" " ind2=" ">
         <subfield code="a">Institution</subfield>
         <subfield code="a">Library</subfield>
      </datafield>
      <datafield tag="371" ind1=" " ind2=" ">
         <subfield code="a">Stockalperschloss Brig</subfield>
         <subfield code="a">Alte Simplonstrasse 28</subfield>
         <subfield code="b">3900 Brig</subfield>
         <subfield code="c">Kanton Wallis</subfield>
         <subfield code="d">Switzerland</subfield>
         <subfield code="u">https://gvow.ch/</subfield>
         <subfield code="z">tel: +41 / 027 923 04 07</subfield>
      </datafield>
      <datafield tag="551" ind1="1" ind2=" ">
         <subfield code="a">Brig</subfield>
         <subfield code="0">places/50012597</subfield>
      </datafield>
   </record>