
   <record>
      <leader>00000nz  a2200000nc 4500</leader>
      <controlfield tag="001">institutions/30000504</controlfield>
      <controlfield tag="003">DE-633</controlfield>
      <controlfield tag="005">20250620051956.0</controlfield>
      <controlfield tag="008">161109||||z|||a|||||||||||||||||n||||||d</controlfield>
      <datafield tag="024" ind1="7" ind2=" ">
         <subfield code="a">CH-000034-6</subfield>
         <subfield code="2">ISIL</subfield>
      </datafield>
      <datafield tag="024" ind1="7" ind2=" ">
         <subfield code="a">CH-BU</subfield>
         <subfield code="q">siglum</subfield>
         <subfield code="2">rism</subfield>
      </datafield>
      <datafield tag="034" ind1="1" ind2=" ">
         <subfield code="d">7.623914</subfield>
         <subfield code="f">47.054952</subfield>
      </datafield>
      <datafield tag="040" ind1=" " ind2=" ">
         <subfield code="a">DE-633</subfield>
         <subfield code="c">DE-633</subfield>
         <subfield code="e">rismg</subfield>
      </datafield>
      <datafield tag="043" ind1=" " ind2=" ">
         <subfield code="c">XA-CH</subfield>
      </datafield>
      <datafield tag="110" ind1="1" ind2=" ">
         <subfield code="a">Stadtbibliothek der Burgergemeinde</subfield>
         <subfield code="c">Burgdorf</subfield>
         <subfield code="g">CH-BU</subfield>
      </datafield>
      <datafield tag="368" ind1=" " ind2=" ">
         <subfield code="a">Institution</subfield>
         <subfield code="a">Library</subfield>
      </datafield>
      <datafield tag="371" ind1=" " ind2=" ">
         <subfield code="a">Bernstrasse 5</subfield>
         <subfield code="b">Burgdorf</subfield>
         <subfield code="c">Kanton Bern</subfield>
         <subfield code="d">Switzerland</subfield>
         <subfield code="e">3400</subfield>
         <subfield code="m">info@bus-biblio.ch</subfield>
         <subfield code="u">https://burgergemeinde-burgdorf.ch/stadtbibliothek/</subfield>
         <subfield code="z">tel. +41 / 034 / 420 00 70</subfield>
         <subfield code="z">fax: +41 / 034 / 420 00 71</subfield>
      </datafield>
      <datafield tag="551" ind1="1" ind2=" ">
         <subfield code="a">Burgdorf BE</subfield>
         <subfield code="0">places/3901604</subfield>
      </datafield>
      <datafield tag="680" ind1="1" ind2=" ">
         <subfield code="a">Laut Information der Stadtbibliothek Burgdorf besitzt sie keine Musiknoten.</subfield>
      </datafield>
   </record>