
   <record>
      <leader>00000nz  a2200000nc 4500</leader>
      <controlfield tag="001">institutions/51004934</controlfield>
      <controlfield tag="003">DE-633</controlfield>
      <controlfield tag="005">20250620052259.0</controlfield>
      <controlfield tag="008">210225||||z|||a|||||||||||||||||n||||||d</controlfield>
      <datafield tag="024" ind1="7" ind2=" ">
         <subfield code="a">Q474368</subfield>
         <subfield code="2">WKP</subfield>
      </datafield>
      <datafield tag="024" ind1="7" ind2=" ">
         <subfield code="a">CH-Bsob</subfield>
         <subfield code="q">siglum</subfield>
         <subfield code="2">rism</subfield>
      </datafield>
      <datafield tag="034" ind1="1" ind2=" ">
         <subfield code="d">7.595600098027197</subfield>
         <subfield code="f">47.55365265873823</subfield>
      </datafield>
      <datafield tag="040" ind1=" " ind2=" ">
         <subfield code="a">DE-633</subfield>
         <subfield code="c">DE-633</subfield>
         <subfield code="e">rismg</subfield>
      </datafield>
      <datafield tag="043" ind1=" " ind2=" ">
         <subfield code="c">XA-CH</subfield>
      </datafield>
      <datafield tag="110" ind1="1" ind2=" ">
         <subfield code="a">Sinfonieorchester Basel (SOB)</subfield>
         <subfield code="c">Basel</subfield>
         <subfield code="g">CH-Bsob</subfield>
      </datafield>
      <datafield tag="368" ind1=" " ind2=" ">
         <subfield code="a">Institution</subfield>
         <subfield code="a">Library</subfield>
      </datafield>
      <datafield tag="371" ind1=" " ind2=" ">
         <subfield code="a">Orchesterbüro</subfield>
         <subfield code="a">Picassoplatz 2</subfield>
         <subfield code="b">Basel</subfield>
         <subfield code="c">Kanton Basel-Stadt</subfield>
         <subfield code="d">Switzerland</subfield>
         <subfield code="e">4052</subfield>
         <subfield code="m">info@sinfonieorchesterbasel.ch</subfield>
         <subfield code="u">https://www.sinfonieorchesterbasel.ch/de/konzerte.html</subfield>
         <subfield code="z">tel: +41 / (0)61 / 205 00 95</subfield>
         <subfield code="z">fax: +41 / (0)61 / 205 00 99</subfield>
      </datafield>
      <datafield tag="551" ind1="1" ind2=" ">
         <subfield code="a">Basel</subfield>
         <subfield code="0">places/3900234</subfield>
      </datafield>
   </record>