
   <record>
      <leader>00000nz  a2200000nc 4500</leader>
      <controlfield tag="001">institutions/51007651</controlfield>
      <controlfield tag="003">DE-633</controlfield>
      <controlfield tag="005">20250620052316.0</controlfield>
      <controlfield tag="008">231220||||z|||a|||||||||||||||||n||||||d</controlfield>
      <datafield tag="024" ind1="7" ind2=" ">
         <subfield code="a">135223696</subfield>
         <subfield code="2">VIAF</subfield>
      </datafield>
      <datafield tag="024" ind1="7" ind2=" ">
         <subfield code="a">2115459-4</subfield>
         <subfield code="2">DNB</subfield>
      </datafield>
      <datafield tag="024" ind1="7" ind2=" ">
         <subfield code="a">Q391991</subfield>
         <subfield code="2">WKP</subfield>
      </datafield>
      <datafield tag="024" ind1="7" ind2=" ">
         <subfield code="a">CH-Bth</subfield>
         <subfield code="q">siglum</subfield>
         <subfield code="2">rism</subfield>
      </datafield>
      <datafield tag="034" ind1="1" ind2=" ">
         <subfield code="d">7.590107296275431</subfield>
         <subfield code="f">47.55268246093938</subfield>
      </datafield>
      <datafield tag="040" ind1=" " ind2=" ">
         <subfield code="a">DE-633</subfield>
         <subfield code="c">DE-633</subfield>
         <subfield code="e">rismg</subfield>
      </datafield>
      <datafield tag="043" ind1=" " ind2=" ">
         <subfield code="c">XA-CH</subfield>
      </datafield>
      <datafield tag="110" ind1="1" ind2=" ">
         <subfield code="a">Theater Basel, Bibliothek</subfield>
         <subfield code="c">Basel</subfield>
         <subfield code="g">CH-Bth</subfield>
      </datafield>
      <datafield tag="368" ind1=" " ind2=" ">
         <subfield code="a">Institution</subfield>
         <subfield code="a">Library</subfield>
      </datafield>
      <datafield tag="371" ind1=" " ind2=" ">
         <subfield code="a">Theaterstrasse 7</subfield>
         <subfield code="b">4010 Basel</subfield>
         <subfield code="d">Switzerland</subfield>
         <subfield code="m">info@theater-basel.ch</subfield>
         <subfield code="u">https://www.theater-basel.ch/de</subfield>
         <subfield code="z">tel: +41 / (0)61 / 295 11 00</subfield>
      </datafield>
      <datafield tag="551" ind1="1" ind2=" ">
         <subfield code="a">Basel</subfield>
         <subfield code="0">places/3900234</subfield>
      </datafield>
   </record>