
   <record>
      <leader>00000nz  a2200000nc 4500</leader>
      <controlfield tag="001">institutions/30002637</controlfield>
      <controlfield tag="003">DE-633</controlfield>
      <controlfield tag="005">20250620052014.0</controlfield>
      <controlfield tag="008">161109||||z|||a|||||||||||||||||n||||||d</controlfield>
      <datafield tag="024" ind1="7" ind2=" ">
         <subfield code="a">CH-000480-0</subfield>
         <subfield code="2">ISIL</subfield>
      </datafield>
      <datafield tag="024" ind1="7" ind2=" ">
         <subfield code="a">CH-001041-5</subfield>
         <subfield code="2">ISIL</subfield>
      </datafield>
      <datafield tag="024" ind1="7" ind2=" ">
         <subfield code="a">CH-Bv</subfield>
         <subfield code="q">siglum</subfield>
         <subfield code="2">rism</subfield>
      </datafield>
      <datafield tag="034" ind1="1" ind2=" ">
         <subfield code="d">7.589022919491672</subfield>
         <subfield code="f">47.55917119931717</subfield>
      </datafield>
      <datafield tag="040" ind1=" " ind2=" ">
         <subfield code="a">DE-633</subfield>
         <subfield code="c">DE-633</subfield>
         <subfield code="e">rismg</subfield>
      </datafield>
      <datafield tag="043" ind1=" " ind2=" ">
         <subfield code="c">XA-CH</subfield>
      </datafield>
      <datafield tag="110" ind1="1" ind2=" ">
         <subfield code="a">Fachbereichsbibliothek Kulturwissenschaft und Europäische Ethnologie der Universität Basel</subfield>
         <subfield code="c">Basel</subfield>
         <subfield code="g">CH-Bv</subfield>
      </datafield>
      <datafield tag="368" ind1=" " ind2=" ">
         <subfield code="a">Institution</subfield>
         <subfield code="a">Library</subfield>
      </datafield>
      <datafield tag="371" ind1=" " ind2=" ">
         <subfield code="a">Rheinsprung 9/11</subfield>
         <subfield code="b">Basel</subfield>
         <subfield code="c">Kanton Basel-Stadt</subfield>
         <subfield code="d">Switzerland</subfield>
         <subfield code="e">4051</subfield>
         <subfield code="m">bibliothek-kulturwissenschaft@unibas.ch</subfield>
         <subfield code="u">https://www.ekws.ch/de</subfield>
         <subfield code="u">https://kulturwissenschaft.philhist.unibas.ch/de/fachbereich/bibliothek</subfield>
         <subfield code="z">contact: Dr. Denise von Weymarn-Goldschmidt</subfield>
         <subfield code="z">tel: +41 / 61 207 11 63</subfield>
      </datafield>
      <datafield tag="410" ind1=" " ind2=" ">
         <subfield code="a">Schweizerisches Institut für Volkskunde</subfield>
      </datafield>
      <datafield tag="551" ind1="1" ind2=" ">
         <subfield code="a">Basel</subfield>
         <subfield code="0">places/3900234</subfield>
      </datafield>
      <datafield tag="667" ind1=" " ind2=" ">
         <subfield code="a">Published sources: 2</subfield>
      </datafield>
      <datafield tag="678" ind1="1" ind2=" ">
         <subfield code="a">Die Bibliotheken des Fachbereichs Kulturwissenschaft und Europäische Ethnologie und der Empirischen Kulturwissenschaft Schweiz (EKWS), vormals Schweizerische Gesellschaft für Volkskunde (SGV), wurden per Januar 2024 zusammengelegt.</subfield>
      </datafield>
   </record>