
   <record>
      <leader>00000nz  a2200000nc 4500</leader>
      <controlfield tag="001">institutions/51000117</controlfield>
      <controlfield tag="003">DE-633</controlfield>
      <controlfield tag="005">20250620052234.0</controlfield>
      <controlfield tag="008">170126||||z|||a|||||||||||||||||n||||||d</controlfield>
      <datafield tag="024" ind1="7" ind2=" ">
         <subfield code="a">CH-001105-4</subfield>
         <subfield code="2">ISIL</subfield>
      </datafield>
      <datafield tag="024" ind1="7" ind2=" ">
         <subfield code="a">131935121</subfield>
         <subfield code="2">VIAF</subfield>
      </datafield>
      <datafield tag="024" ind1="7" ind2=" ">
         <subfield code="a">CH-Cbth</subfield>
         <subfield code="q">siglum</subfield>
         <subfield code="2">rism</subfield>
      </datafield>
      <datafield tag="034" ind1="1" ind2=" ">
         <subfield code="d">9.536850</subfield>
         <subfield code="f">46.847668</subfield>
      </datafield>
      <datafield tag="040" ind1=" " ind2=" ">
         <subfield code="a">DE-633</subfield>
         <subfield code="c">DE-633</subfield>
         <subfield code="e">rismg</subfield>
      </datafield>
      <datafield tag="043" ind1=" " ind2=" ">
         <subfield code="c">XA-CH</subfield>
      </datafield>
      <datafield tag="110" ind1="1" ind2=" ">
         <subfield code="a">Bibliothek der Theologischen Hochschule Chur</subfield>
         <subfield code="c">Chur</subfield>
         <subfield code="g">CH-Cbth</subfield>
      </datafield>
      <datafield tag="368" ind1=" " ind2=" ">
         <subfield code="a">Institution</subfield>
         <subfield code="a">Library</subfield>
      </datafield>
      <datafield tag="371" ind1=" " ind2=" ">
         <subfield code="a">Alte Schanfiggerstrasse 7</subfield>
         <subfield code="b">Chur</subfield>
         <subfield code="c">Kanton Graubünden</subfield>
         <subfield code="d">Switzerland</subfield>
         <subfield code="e">7000</subfield>
         <subfield code="m">bibliothek@thchur.ch</subfield>
         <subfield code="u">http://www.thchur.ch/bibliothek/</subfield>
         <subfield code="z">tel: +41 / (0)81 / 254 99 44</subfield>
         <subfield code="z">fax: +41 / (0)81 / 254 99 98</subfield>
      </datafield>
      <datafield tag="551" ind1="1" ind2=" ">
         <subfield code="a">Chur</subfield>
         <subfield code="0">places/3900989</subfield>
      </datafield>
      <datafield tag="680" ind1="1" ind2=" ">
         <subfield code="a">Theologische Hochschule und Priesterseminar haben eine gemeinsame Bibliothek, die in der Regel "nur" als Bibliothek der Theologischen Hochschule bezeichnet wird.</subfield>
      </datafield>
   </record>