
   <record>
      <leader>00000nz  a2200000nc 4500</leader>
      <controlfield tag="001">institutions/30000006</controlfield>
      <controlfield tag="003">DE-633</controlfield>
      <controlfield tag="005">20250620051951.0</controlfield>
      <controlfield tag="008">161109||||z|||a|||||||||||||||||n||||||d</controlfield>
      <datafield tag="024" ind1="7" ind2=" ">
         <subfield code="a">124001142</subfield>
         <subfield code="2">VIAF</subfield>
      </datafield>
      <datafield tag="024" ind1="7" ind2=" ">
         <subfield code="a">5175192-6</subfield>
         <subfield code="2">DNB</subfield>
      </datafield>
      <datafield tag="024" ind1="7" ind2=" ">
         <subfield code="a">Q125072234</subfield>
         <subfield code="2">WKP</subfield>
      </datafield>
      <datafield tag="024" ind1="7" ind2=" ">
         <subfield code="a">CH-E</subfield>
         <subfield code="q">siglum</subfield>
         <subfield code="2">rism</subfield>
      </datafield>
      <datafield tag="034" ind1="1" ind2=" ">
         <subfield code="d">8.752638800000001</subfield>
         <subfield code="f">47.12678095049901</subfield>
      </datafield>
      <datafield tag="040" ind1=" " ind2=" ">
         <subfield code="a">DE-633</subfield>
         <subfield code="c">DE-633</subfield>
         <subfield code="e">rismg</subfield>
      </datafield>
      <datafield tag="043" ind1=" " ind2=" ">
         <subfield code="c">XA-CH</subfield>
      </datafield>
      <datafield tag="110" ind1="1" ind2=" ">
         <subfield code="a">Kloster Einsiedeln, Musikbibliothek</subfield>
         <subfield code="c">Einsiedeln</subfield>
         <subfield code="g">CH-E</subfield>
      </datafield>
      <datafield tag="368" ind1=" " ind2=" ">
         <subfield code="a">Institution</subfield>
         <subfield code="a">Library</subfield>
         <subfield code="a">Publisher</subfield>
      </datafield>
      <datafield tag="371" ind1=" " ind2=" ">
         <subfield code="b">8840 Einsiedeln</subfield>
         <subfield code="c">Kanton Schwyz</subfield>
         <subfield code="d">Switzerland</subfield>
         <subfield code="m">musikbibliothek@kloster-einsiedeln.ch</subfield>
         <subfield code="u">https://www.kloster-einsiedeln.ch/agenda-kultur/kultur/musikbibliothek</subfield>
         <subfield code="z">contact: Stefano Bertoni</subfield>
      </datafield>
      <datafield tag="551" ind1="1" ind2=" ">
         <subfield code="a">Einsiedeln</subfield>
         <subfield code="0">places/3900055</subfield>
      </datafield>
      <datafield tag="667" ind1=" " ind2=" ">
         <subfield code="a">Published sources: 12758</subfield>
      </datafield>
      <datafield tag="680" ind1="1" ind2=" ">
         <subfield code="a">In der RISM Serie B stand das RISM-Sigel CH-E für die Stiftsbibliothek des Klosters Einsiedeln. Mit Beginn der RISM Serie A/I wie später auch für Serie A/II fungierte es für die Musikbibliothek des Klosters. Stiftsbibliothek und Musikbibliothek stellen zwei getrennte Einheiten im Kloster dar. Für die Quellenbeschreibungen der Stiftsbibliothek ist das neue RISM-Sigel CH-Estb zu verwenden. Darüberhinaus werden Musikquellen im Klosterarchiv Einsiedeln (CH-Ekla) verwahrt. (Stand: Juni 2024)</subfield>
      </datafield>
      <datafield tag="680" ind1="1" ind2=" ">
         <subfield code="a">Titel der RISM-Serien B/I und B/II befinden sich in der Musikbibliothek des Klosters. Teile der RISM-Serien B/VI und B/VIII,1, die bereits für das RISM katalogisiert wurden, befinden sich ebenfalls in der Musikbibliothek.</subfield>
      </datafield>
   </record>