
   <record>
      <leader>00000nz  a2200000nc 4500</leader>
      <controlfield tag="001">institutions/30000007</controlfield>
      <controlfield tag="003">DE-633</controlfield>
      <controlfield tag="005">20250620051951.0</controlfield>
      <controlfield tag="008">161109||||z|||a|||||||||||||||||n||||||d</controlfield>
      <datafield tag="024" ind1="7" ind2=" ">
         <subfield code="a">CH-EN</subfield>
         <subfield code="q">siglum</subfield>
         <subfield code="2">rism</subfield>
      </datafield>
      <datafield tag="034" ind1="1" ind2=" ">
         <subfield code="d">8.409699198000244</subfield>
         <subfield code="f">46.820484049938926</subfield>
      </datafield>
      <datafield tag="040" ind1=" " ind2=" ">
         <subfield code="a">DE-633</subfield>
         <subfield code="c">DE-633</subfield>
         <subfield code="e">rismg</subfield>
      </datafield>
      <datafield tag="043" ind1=" " ind2=" ">
         <subfield code="c">XA-CH</subfield>
      </datafield>
      <datafield tag="110" ind1="1" ind2=" ">
         <subfield code="a">Kloster Engelberg, Musikbibliothek</subfield>
         <subfield code="c">Engelberg</subfield>
         <subfield code="g">CH-EN</subfield>
      </datafield>
      <datafield tag="368" ind1=" " ind2=" ">
         <subfield code="a">Institution</subfield>
         <subfield code="a">Library</subfield>
      </datafield>
      <datafield tag="371" ind1=" " ind2=" ">
         <subfield code="a">Benediktinerkloster 1</subfield>
         <subfield code="b">Engelberg</subfield>
         <subfield code="c">Kanton Obwalden</subfield>
         <subfield code="d">Switzerland</subfield>
         <subfield code="e">6390</subfield>
         <subfield code="m">musikbibliothek@kloster-engelberg.ch</subfield>
         <subfield code="u">https://www.kloster-engelberg.ch/kloster/musikbibliothek/</subfield>
         <subfield code="z">contact: Dr. Vera Paulus</subfield>
         <subfield code="z">tel: +41 / (0)41 / 639 61 61 (Zentrale)</subfield>
      </datafield>
      <datafield tag="410" ind1=" " ind2=" ">
         <subfield code="a">Benediktinerkloster, Musikbibliothek</subfield>
      </datafield>
      <datafield tag="551" ind1="1" ind2=" ">
         <subfield code="a">Engelberg</subfield>
         <subfield code="0">places/3902762</subfield>
      </datafield>
      <datafield tag="667" ind1=" " ind2=" ">
         <subfield code="a">Published sources: 2286</subfield>
      </datafield>
   </record>