
   <record>
      <leader>00000nz  a2200000nc 4500</leader>
      <controlfield tag="001">institutions/51006980</controlfield>
      <controlfield tag="003">DE-633</controlfield>
      <controlfield tag="005">20250620052312.0</controlfield>
      <controlfield tag="008">221214||||z|||a|||||||||||||||||n||||||d</controlfield>
      <datafield tag="024" ind1="7" ind2=" ">
         <subfield code="a">CH-END</subfield>
         <subfield code="q">siglum</subfield>
         <subfield code="2">rism</subfield>
      </datafield>
      <datafield tag="034" ind1="1" ind2=" ">
         <subfield code="d">8.298630598163665</subfield>
         <subfield code="f">47.53518873574662</subfield>
      </datafield>
      <datafield tag="040" ind1=" " ind2=" ">
         <subfield code="a">DE-633</subfield>
         <subfield code="c">DE-633</subfield>
         <subfield code="e">rismg</subfield>
      </datafield>
      <datafield tag="043" ind1=" " ind2=" ">
         <subfield code="c">XA-CH</subfield>
      </datafield>
      <datafield tag="110" ind1="1" ind2=" ">
         <subfield code="a">Dokumentationsbibliothek Walter Labhart</subfield>
         <subfield code="c">Endingen</subfield>
         <subfield code="g">CH-END</subfield>
      </datafield>
      <datafield tag="368" ind1=" " ind2=" ">
         <subfield code="a">Institution</subfield>
         <subfield code="a">Library</subfield>
         <subfield code="a">Documentation center</subfield>
      </datafield>
      <datafield tag="371" ind1=" " ind2=" ">
         <subfield code="a">Wolfgalgen 36</subfield>
         <subfield code="b">5304 Endingen AG</subfield>
         <subfield code="c">Kanton Aargau</subfield>
         <subfield code="d">Switzerland</subfield>
         <subfield code="m">doralabhart@gmx.ch</subfield>
         <subfield code="z">tel: +41 / (0)56 / 2421516</subfield>
      </datafield>
      <datafield tag="551" ind1="1" ind2=" ">
         <subfield code="a">Endingen</subfield>
         <subfield code="0">places/3011797</subfield>
      </datafield>
      <datafield tag="700" ind1="1" ind2=" ">
         <subfield code="a">Labhart, Walter</subfield>
         <subfield code="d">1942*</subfield>
         <subfield code="0">people/51013704</subfield>
         <subfield code="4">asn</subfield>
      </datafield>
   </record>