
   <record>
      <leader>00000nz  a2200000nc 4500</leader>
      <controlfield tag="001">institutions/30081092</controlfield>
      <controlfield tag="003">DE-633</controlfield>
      <controlfield tag="005">20250620052135.0</controlfield>
      <controlfield tag="008">161109||||z|||a|||||||||||||||||n||||||d</controlfield>
      <datafield tag="024" ind1="7" ind2=" ">
         <subfield code="a">CH-ESTpc</subfield>
         <subfield code="q">siglum</subfield>
         <subfield code="2">rism</subfield>
      </datafield>
      <datafield tag="034" ind1="1" ind2=" ">
         <subfield code="d">6.847360422391857</subfield>
         <subfield code="f">46.850303023830946</subfield>
      </datafield>
      <datafield tag="040" ind1=" " ind2=" ">
         <subfield code="a">DE-633</subfield>
         <subfield code="c">DE-633</subfield>
         <subfield code="e">rismg</subfield>
      </datafield>
      <datafield tag="043" ind1=" " ind2=" ">
         <subfield code="c">XA-CH</subfield>
      </datafield>
      <datafield tag="110" ind1="1" ind2=" ">
         <subfield code="a">Paroisse catholique Saint-Laurent</subfield>
         <subfield code="c">Estavayer-le-Lac</subfield>
         <subfield code="g">CH-ESTpc</subfield>
      </datafield>
      <datafield tag="368" ind1=" " ind2=" ">
         <subfield code="a">Institution</subfield>
         <subfield code="a">Library</subfield>
      </datafield>
      <datafield tag="371" ind1=" " ind2=" ">
         <subfield code="a">Secrétariat de la paroisse St-Laurent Estavayer</subfield>
         <subfield code="a">Rue St-Laurent 9</subfield>
         <subfield code="b">Estavayer-le-Lac</subfield>
         <subfield code="c">Canton de Fribourg</subfield>
         <subfield code="d">Suisse</subfield>
         <subfield code="e">1470</subfield>
         <subfield code="m">info@paroisse-st-laurent-estavayer.ch</subfield>
         <subfield code="u">https://paroisse-st-laurent-estavayer.ch/</subfield>
         <subfield code="z">tel: +41 / 026 / 663 81 18</subfield>
      </datafield>
      <datafield tag="551" ind1="1" ind2=" ">
         <subfield code="a">Estavayer-le-Lac</subfield>
         <subfield code="0">places/3030793</subfield>
      </datafield>
      <datafield tag="856" ind1="1" ind2=" ">
         <subfield code="u">http://www.e-codices.unifr.ch/en/search/?aSelectedFacets=%7B%22collection_facet%22:%5B%22Estavayer-le-Lac,+Paroisse+catholique+Saint-Laurent%22%5D%7D&amp;sQueryString=Paroisse+catholique+Saint-Laurent&amp;sSearchField=fullText&amp;sSortField=score#</subfield>
         <subfield code="z">Quellennachweise auf der Webseite von http://www.e-codices.unifr.ch</subfield>
      </datafield>
   </record>