
   <record>
      <leader>00000nz  a2200000nc 4500</leader>
      <controlfield tag="001">institutions/51008015</controlfield>
      <controlfield tag="003">DE-633</controlfield>
      <controlfield tag="005">20250620052319.0</controlfield>
      <controlfield tag="008">240611||||z|||a|||||||||||||||||n||||||d</controlfield>
      <datafield tag="024" ind1="7" ind2=" ">
         <subfield code="a">153093458</subfield>
         <subfield code="2">VIAF</subfield>
      </datafield>
      <datafield tag="024" ind1="7" ind2=" ">
         <subfield code="a">515024-3</subfield>
         <subfield code="2">DNB</subfield>
      </datafield>
      <datafield tag="024" ind1="7" ind2=" ">
         <subfield code="a">Q27480189</subfield>
         <subfield code="2">WKP</subfield>
      </datafield>
      <datafield tag="024" ind1="7" ind2=" ">
         <subfield code="a">CH-Estb</subfield>
         <subfield code="q">siglum</subfield>
         <subfield code="2">rism</subfield>
      </datafield>
      <datafield tag="034" ind1="1" ind2=" ">
         <subfield code="d">8.75300165738028</subfield>
         <subfield code="f">47.12737935712185</subfield>
      </datafield>
      <datafield tag="040" ind1=" " ind2=" ">
         <subfield code="a">DE-633</subfield>
         <subfield code="c">DE-633</subfield>
         <subfield code="e">rismg</subfield>
      </datafield>
      <datafield tag="043" ind1=" " ind2=" ">
         <subfield code="c">XA-CH</subfield>
      </datafield>
      <datafield tag="110" ind1="1" ind2=" ">
         <subfield code="a">Kloster Einsiedeln, Stiftsbibliothek</subfield>
         <subfield code="c">Einsiedeln</subfield>
         <subfield code="g">CH-Estb</subfield>
      </datafield>
      <datafield tag="368" ind1=" " ind2=" ">
         <subfield code="a">Institution</subfield>
         <subfield code="a">Library</subfield>
      </datafield>
      <datafield tag="371" ind1=" " ind2=" ">
         <subfield code="b">Einsiedeln</subfield>
         <subfield code="c">Kanton Schwyz</subfield>
         <subfield code="d">Switzerland</subfield>
         <subfield code="e">8840</subfield>
         <subfield code="m">stiftsbibliothek@kloster-einsiedeln.ch</subfield>
         <subfield code="u">https://www.kloster-einsiedeln.ch/kloster/gesamtuebersicht/gelaende-raeume/stiftsbibliothek</subfield>
         <subfield code="z">contact: P. Justinus Pagnamenta OSB</subfield>
         <subfield code="z">tel: +41 / 55 418 63 14</subfield>
      </datafield>
      <datafield tag="551" ind1="1" ind2=" ">
         <subfield code="a">Einsiedeln</subfield>
         <subfield code="0">places/3900055</subfield>
      </datafield>
      <datafield tag="680" ind1="1" ind2=" ">
         <subfield code="a">In der RISM Serie B stand das RISM-Sigel CH-E für die Stiftsbibliothek des Klosters Einsiedeln. Mit Beginn der RISM Serie A/I wie später auch für Serie A/II fungierte es für die Musikbibliothek des Klosters. Stiftsbibliothek und Musikbibliothek stellen zwei getrennte Einheiten im Kloster dar. Für die Quellenbeschreibungen der Stiftsbibliothek ist das neue RISM-Sigel CH-Estb zu verwenden. Darüberhinaus werden Musikquellen im Klosterarchiv Einsiedeln (CH-Ekla) verwahrt. (Stand: Juni 2024)</subfield>
      </datafield>
      <datafield tag="680" ind1="1" ind2=" ">
         <subfield code="a">Handschriften, die in den RISM-Serien B/IV,1; B/V,1 und B/XIV,1 beschrieben wurden, befinden sind in der Stiftsbibliothek. Der Aufbewahrungsort von Quellen aus Serie B/III im Kloster Einsiedeln ist noch nicht geklärt.</subfield>
      </datafield>
   </record>