
   <record>
      <leader>00000nz  a2200000nc 4500</leader>
      <controlfield tag="001">institutions/51008226</controlfield>
      <controlfield tag="003">DE-633</controlfield>
      <controlfield tag="005">20250620052320.0</controlfield>
      <controlfield tag="008">240920||||z|||a|||||||||||||||||n||||||d</controlfield>
      <datafield tag="024" ind1="7" ind2=" ">
         <subfield code="a">140257795</subfield>
         <subfield code="2">VIAF</subfield>
      </datafield>
      <datafield tag="024" ind1="7" ind2=" ">
         <subfield code="a">Q14847769</subfield>
         <subfield code="2">WKP</subfield>
      </datafield>
      <datafield tag="024" ind1="7" ind2=" ">
         <subfield code="a">CH-Gae</subfield>
         <subfield code="q">siglum</subfield>
         <subfield code="2">rism</subfield>
      </datafield>
      <datafield tag="034" ind1="1" ind2=" ">
         <subfield code="d">6.147119735558241</subfield>
         <subfield code="f">46.20115083589053</subfield>
      </datafield>
      <datafield tag="040" ind1=" " ind2=" ">
         <subfield code="a">DE-633</subfield>
         <subfield code="c">DE-633</subfield>
         <subfield code="e">rismg</subfield>
      </datafield>
      <datafield tag="043" ind1=" " ind2=" ">
         <subfield code="c">XA-CH</subfield>
      </datafield>
      <datafield tag="110" ind1="1" ind2=" ">
         <subfield code="a">Les Archives d’Etat de Genève</subfield>
         <subfield code="c">Genève</subfield>
         <subfield code="g">CH-Gae</subfield>
      </datafield>
      <datafield tag="368" ind1=" " ind2=" ">
         <subfield code="a">Institution</subfield>
         <subfield code="a">Archive</subfield>
         <subfield code="a">Library</subfield>
      </datafield>
      <datafield tag="371" ind1=" " ind2=" ">
         <subfield code="a">Rue de l'Hôtel-de-Ville 1</subfield>
         <subfield code="b">Genève</subfield>
         <subfield code="c">Canton de Genève</subfield>
         <subfield code="d">Switzerland</subfield>
         <subfield code="e">1204</subfield>
         <subfield code="m">archives@etat.ge.ch</subfield>
         <subfield code="u">https://archives-etat-ge.ch/</subfield>
         <subfield code="z">tel: +41 / 22 327 93 20</subfield>
      </datafield>
      <datafield tag="551" ind1="1" ind2=" ">
         <subfield code="a">Genève</subfield>
         <subfield code="0">places/3900220</subfield>
      </datafield>
      <datafield tag="667" ind1=" " ind2=" ">
         <subfield code="a">Published sources: 1</subfield>
      </datafield>
   </record>