
   <record>
      <leader>00000nz  a2200000nc 4500</leader>
      <controlfield tag="001">institutions/51002640</controlfield>
      <controlfield tag="003">DE-633</controlfield>
      <controlfield tag="005">20250620052246.0</controlfield>
      <controlfield tag="008">190128||||z|||a|||||||||||||||||n||||||d</controlfield>
      <datafield tag="024" ind1="7" ind2=" ">
         <subfield code="a">CH-001689-1</subfield>
         <subfield code="2">ISIL</subfield>
      </datafield>
      <datafield tag="024" ind1="7" ind2=" ">
         <subfield code="a">CH-Gubec</subfield>
         <subfield code="q">siglum</subfield>
         <subfield code="2">rism</subfield>
      </datafield>
      <datafield tag="034" ind1="1" ind2=" ">
         <subfield code="d">6.145288</subfield>
         <subfield code="f">46.198900</subfield>
      </datafield>
      <datafield tag="040" ind1=" " ind2=" ">
         <subfield code="a">DE-633</subfield>
         <subfield code="c">DE-633</subfield>
         <subfield code="e">rismg</subfield>
      </datafield>
      <datafield tag="043" ind1=" " ind2=" ">
         <subfield code="c">XA-CH</subfield>
      </datafield>
      <datafield tag="110" ind1="1" ind2=" ">
         <subfield code="a">Université de Genève - Uni Bastions, Espace Central</subfield>
         <subfield code="c">Genève</subfield>
         <subfield code="g">CH-Gubec</subfield>
      </datafield>
      <datafield tag="368" ind1=" " ind2=" ">
         <subfield code="a">Institution</subfield>
         <subfield code="a">Library</subfield>
      </datafield>
      <datafield tag="371" ind1=" " ind2=" ">
         <subfield code="a">Rue De-Candolle 5</subfield>
         <subfield code="b">Genève</subfield>
         <subfield code="c">Canton Genève</subfield>
         <subfield code="d">Switzerland</subfield>
         <subfield code="e">1205</subfield>
         <subfield code="m">biblio-bastions-info@unige.ch</subfield>
         <subfield code="u">https://www.unige.ch/biblio/fr/infos/sites/bastions/</subfield>
         <subfield code="z">tel: +41 / (0)22 / 379 13 13</subfield>
      </datafield>
      <datafield tag="551" ind1="1" ind2=" ">
         <subfield code="a">Genève</subfield>
         <subfield code="0">places/3900220</subfield>
      </datafield>
      <datafield tag="667" ind1=" " ind2=" ">
         <subfield code="a">Published sources: 10</subfield>
      </datafield>
   </record>