
   <record>
      <leader>00000nz  a2200000nc 4500</leader>
      <controlfield tag="001">institutions/30002622</controlfield>
      <controlfield tag="003">DE-633</controlfield>
      <controlfield tag="005">20250620052014.0</controlfield>
      <controlfield tag="008">161109||||z|||a|||||||||||||||||n||||||d</controlfield>
      <datafield tag="024" ind1="7" ind2=" ">
         <subfield code="a">Q3208624</subfield>
         <subfield code="2">WKP</subfield>
      </datafield>
      <datafield tag="024" ind1="7" ind2=" ">
         <subfield code="a">Q116057</subfield>
         <subfield code="2">WKP</subfield>
      </datafield>
      <datafield tag="024" ind1="7" ind2=" ">
         <subfield code="a">CH-LAcortot</subfield>
         <subfield code="q">siglum</subfield>
         <subfield code="2">rism</subfield>
      </datafield>
      <datafield tag="040" ind1=" " ind2=" ">
         <subfield code="a">DE-633</subfield>
         <subfield code="c">DE-633</subfield>
         <subfield code="e">rismg</subfield>
      </datafield>
      <datafield tag="043" ind1=" " ind2=" ">
         <subfield code="c">XA-CH</subfield>
      </datafield>
      <datafield tag="110" ind1="1" ind2=" ">
         <subfield code="a">Bibliothèque Alfred Cortot</subfield>
         <subfield code="c">Lausanne</subfield>
         <subfield code="g">CH-LAcortot</subfield>
      </datafield>
      <datafield tag="368" ind1=" " ind2=" ">
         <subfield code="a">Institution</subfield>
         <subfield code="a">Library</subfield>
      </datafield>
      <datafield tag="580" ind1="1" ind2=" ">
         <subfield code="x">F-Pgm</subfield>
         <subfield code="0">institutions/30006094</subfield>
      </datafield>
      <datafield tag="580" ind1="1" ind2=" ">
         <subfield code="x">GB-Lbl</subfield>
         <subfield code="0">institutions/30001581</subfield>
      </datafield>
      <datafield tag="580" ind1="1" ind2=" ">
         <subfield code="x">US-BEm</subfield>
         <subfield code="0">institutions/30002210</subfield>
      </datafield>
      <datafield tag="580" ind1="1" ind2=" ">
         <subfield code="x">US-Cn</subfield>
         <subfield code="0">institutions/30000320</subfield>
      </datafield>
      <datafield tag="580" ind1="1" ind2=" ">
         <subfield code="x">US-LEX</subfield>
         <subfield code="0">institutions/30002324</subfield>
      </datafield>
      <datafield tag="667" ind1=" " ind2=" ">
         <subfield code="a">Published sources: 27</subfield>
      </datafield>
      <datafield tag="670" ind1="1" ind2=" ">
         <subfield code="a">TraficanteC 1970</subfield>
         <subfield code="0">publications/50005857</subfield>
      </datafield>
      <datafield tag="678" ind1="1" ind2=" ">
         <subfield code="a">Der größte Teil der Privatbibliothek CH-LAcortot befindet sich in F-Pgm (ca. 10.000 Einheiten). Kleinere Bestandsteile befinden sich heute in GB-Lbl, US-Cn, US-BEm, US-LEX.</subfield>
      </datafield>
      <datafield tag="678" ind1="1" ind2=" ">
         <subfield code="a">In der RISM-Serie B/I dokumentierte Drucke befinden sich in GB-Lbl: "With the bookplate of Alfred Cortot and former reference number '59 MVP'."</subfield>
      </datafield>
      <datafield tag="678" ind1="1" ind2=" ">
         <subfield code="a">290 Abhandlungen befinden sich in US-LEX. Siehe TraficanteC 1970.</subfield>
      </datafield>
      <datafield tag="700" ind1="1" ind2=" ">
         <subfield code="a">Cortot, Alfred</subfield>
         <subfield code="d">1877-1962</subfield>
         <subfield code="0">people/69147</subfield>
         <subfield code="4">fmo</subfield>
      </datafield>
   </record>