
   <record>
      <leader>00000nz  a2200000nc 4500</leader>
      <controlfield tag="001">institutions/51001827</controlfield>
      <controlfield tag="003">DE-633</controlfield>
      <controlfield tag="005">20250620052241.0</controlfield>
      <controlfield tag="008">180906||||z|||a|||||||||||||||||n||||||d</controlfield>
      <datafield tag="024" ind1="7" ind2=" ">
         <subfield code="a">CH-LSZjra</subfield>
         <subfield code="q">siglum</subfield>
         <subfield code="2">rism</subfield>
      </datafield>
      <datafield tag="040" ind1=" " ind2=" ">
         <subfield code="a">DE-633</subfield>
         <subfield code="c">DE-633</subfield>
         <subfield code="e">rismg</subfield>
      </datafield>
      <datafield tag="043" ind1=" " ind2=" ">
         <subfield code="c">XA-CH</subfield>
      </datafield>
      <datafield tag="110" ind1="1" ind2=" ">
         <subfield code="a">Joachim-Raff-Archiv</subfield>
         <subfield code="c">Lachen SZ</subfield>
         <subfield code="g">CH-LSZjra</subfield>
      </datafield>
      <datafield tag="368" ind1=" " ind2=" ">
         <subfield code="a">Institution</subfield>
         <subfield code="a">Library</subfield>
         <subfield code="a">Archive</subfield>
      </datafield>
      <datafield tag="371" ind1=" " ind2=" ">
         <subfield code="a">Postfach 304</subfield>
         <subfield code="b">Lachen SZ</subfield>
         <subfield code="c">Kanton Schwyz</subfield>
         <subfield code="d">Schweiz</subfield>
         <subfield code="e">8853</subfield>
         <subfield code="m">info@raff-archiv.ch</subfield>
         <subfield code="u">http://raff-archiv.ch/</subfield>
         <subfield code="z">contact: Severin Kolb</subfield>
      </datafield>
      <datafield tag="551" ind1="1" ind2=" ">
         <subfield code="a">Lachen SZ</subfield>
         <subfield code="0">places/4000089</subfield>
      </datafield>
      <datafield tag="680" ind1="1" ind2=" ">
         <subfield code="a">Im September 2018 wurde das neue Raff-Archiv in Lachen SZ eröffnet.</subfield>
      </datafield>
   </record>