
   <record>
      <leader>00000nz  a2200000nc 4500</leader>
      <controlfield tag="001">institutions/30077524</controlfield>
      <controlfield tag="003">DE-633</controlfield>
      <controlfield tag="005">20250620052116.0</controlfield>
      <controlfield tag="008">161109||||z|||a|||||||||||||||||n||||||d</controlfield>
      <datafield tag="024" ind1="7" ind2=" ">
         <subfield code="a">CH-001216-3</subfield>
         <subfield code="2">ISIL</subfield>
      </datafield>
      <datafield tag="024" ind1="7" ind2=" ">
         <subfield code="a">CH-Lbhlm</subfield>
         <subfield code="q">siglum</subfield>
         <subfield code="2">rism</subfield>
      </datafield>
      <datafield tag="034" ind1="1" ind2=" ">
         <subfield code="d">8.297008184745463</subfield>
         <subfield code="f">47.03260110397043</subfield>
      </datafield>
      <datafield tag="040" ind1=" " ind2=" ">
         <subfield code="a">DE-633</subfield>
         <subfield code="c">DE-633</subfield>
         <subfield code="e">rismg</subfield>
      </datafield>
      <datafield tag="043" ind1=" " ind2=" ">
         <subfield code="c">XA-CH</subfield>
      </datafield>
      <datafield tag="110" ind1="1" ind2=" ">
         <subfield code="a">Bibliothek der Hochschule Luzern - Musik</subfield>
         <subfield code="c">Kriens</subfield>
         <subfield code="g">CH-Lbhlm</subfield>
      </datafield>
      <datafield tag="368" ind1=" " ind2=" ">
         <subfield code="a">Institution</subfield>
         <subfield code="a">Library</subfield>
      </datafield>
      <datafield tag="371" ind1=" " ind2=" ">
         <subfield code="a">Arsenalstrasse 28a</subfield>
         <subfield code="b">6010 Kriens</subfield>
         <subfield code="c">Kanton Luzern</subfield>
         <subfield code="d">Switzerland</subfield>
         <subfield code="m">musikbibliothek@hslu.ch</subfield>
         <subfield code="u">https://www.hslu.ch/de-ch/musik/campus/bibliothek/</subfield>
         <subfield code="z">+41 / 41 / 249 26 30</subfield>
         <subfield code="z">+41 / 41 / 226 03 71</subfield>
      </datafield>
      <datafield tag="551" ind1="1" ind2=" ">
         <subfield code="a">Kriens</subfield>
         <subfield code="0">places/50013605</subfield>
      </datafield>
      <datafield tag="667" ind1=" " ind2=" ">
         <subfield code="a">Published sources: 898</subfield>
      </datafield>
   </record>