
   <record>
      <leader>00000nz  a2200000nc 4500</leader>
      <controlfield tag="001">institutions/51000228</controlfield>
      <controlfield tag="003">DE-633</controlfield>
      <controlfield tag="005">20250620052235.0</controlfield>
      <controlfield tag="008">170314||||z|||a|||||||||||||||||n||||||d</controlfield>
      <datafield tag="024" ind1="7" ind2=" ">
         <subfield code="a">CH-001921-1</subfield>
         <subfield code="2">ISIL</subfield>
      </datafield>
      <datafield tag="024" ind1="7" ind2=" ">
         <subfield code="a">CH-Nbc</subfield>
         <subfield code="q">siglum</subfield>
         <subfield code="2">rism</subfield>
      </datafield>
      <datafield tag="034" ind1="1" ind2=" ">
         <subfield code="d">6.941379</subfield>
         <subfield code="f">46.998551</subfield>
      </datafield>
      <datafield tag="040" ind1=" " ind2=" ">
         <subfield code="a">DE-633</subfield>
         <subfield code="c">DE-633</subfield>
         <subfield code="e">rismg</subfield>
      </datafield>
      <datafield tag="043" ind1=" " ind2=" ">
         <subfield code="c">XA-CH</subfield>
      </datafield>
      <datafield tag="110" ind1="1" ind2=" ">
         <subfield code="a">Bibliothèque du Conservatoire de musique neuchâtelois / Haute école de musique</subfield>
         <subfield code="c">Neuchâtel</subfield>
         <subfield code="g">CH-Nbc</subfield>
      </datafield>
      <datafield tag="368" ind1=" " ind2=" ">
         <subfield code="a">Institution</subfield>
         <subfield code="a">Library</subfield>
      </datafield>
      <datafield tag="371" ind1=" " ind2=" ">
         <subfield code="a">Espace de l’Europe 21</subfield>
         <subfield code="b">Neuchâtel</subfield>
         <subfield code="c">Canton de Neuchâtel</subfield>
         <subfield code="d">Switzerland</subfield>
         <subfield code="e">2000</subfield>
         <subfield code="m">conservatoire.ne@cmne.ch</subfield>
         <subfield code="u">http://www.cmne.ch/accueil/</subfield>
         <subfield code="u">http://www.cmne.ch/lieux/lieux-denseignement/neuchatel/</subfield>
         <subfield code="z">contact person: Bettina Ruchti</subfield>
         <subfield code="z">tel: +41 / (0)32 / 889 15 07</subfield>
         <subfield code="z">fax: +41 / (0)32 / 889 15 10</subfield>
      </datafield>
      <datafield tag="551" ind1="1" ind2=" ">
         <subfield code="a">Neuchâtel</subfield>
         <subfield code="0">places/3901763</subfield>
      </datafield>
   </record>