
   <record>
      <leader>00000nz  a2200000nc 4500</leader>
      <controlfield tag="001">institutions/51007495</controlfield>
      <controlfield tag="003">DE-633</controlfield>
      <controlfield tag="005">20250620052315.0</controlfield>
      <controlfield tag="008">231027||||z|||a|||||||||||||||||n||||||d</controlfield>
      <datafield tag="024" ind1="7" ind2=" ">
         <subfield code="a">133325586</subfield>
         <subfield code="2">VIAF</subfield>
      </datafield>
      <datafield tag="024" ind1="7" ind2=" ">
         <subfield code="a">1227035-0</subfield>
         <subfield code="2">DNB</subfield>
      </datafield>
      <datafield tag="024" ind1="7" ind2=" ">
         <subfield code="a">Q14848074</subfield>
         <subfield code="2">WKP</subfield>
      </datafield>
      <datafield tag="024" ind1="7" ind2=" ">
         <subfield code="a">CH-SAsta</subfield>
         <subfield code="q">siglum</subfield>
         <subfield code="2">rism</subfield>
      </datafield>
      <datafield tag="034" ind1="1" ind2=" ">
         <subfield code="d">8.24880119974958</subfield>
         <subfield code="f">46.89468742965517</subfield>
      </datafield>
      <datafield tag="040" ind1=" " ind2=" ">
         <subfield code="a">DE-633</subfield>
         <subfield code="c">DE-633</subfield>
         <subfield code="e">rismg</subfield>
      </datafield>
      <datafield tag="043" ind1=" " ind2=" ">
         <subfield code="c">XA-CH</subfield>
      </datafield>
      <datafield tag="110" ind1="1" ind2=" ">
         <subfield code="a">Staatsarchiv Obwalden</subfield>
         <subfield code="c">Sarnen</subfield>
         <subfield code="g">CH-SAsta</subfield>
      </datafield>
      <datafield tag="368" ind1=" " ind2=" ">
         <subfield code="a">Institution</subfield>
         <subfield code="a">Library</subfield>
         <subfield code="a">Archive</subfield>
      </datafield>
      <datafield tag="371" ind1=" " ind2=" ">
         <subfield code="a">St. Antonistrasse 4</subfield>
         <subfield code="b">6060 Sarnen</subfield>
         <subfield code="c">Kanton Obwalden</subfield>
         <subfield code="d">Switzerland</subfield>
         <subfield code="m">staatsarchiv@ow.ch</subfield>
         <subfield code="u">https://www.ow.ch/aemter/156</subfield>
         <subfield code="z">tel: +41 / (0)41 / 666 62 14</subfield>
      </datafield>
      <datafield tag="551" ind1="1" ind2=" ">
         <subfield code="a">Sarnen</subfield>
         <subfield code="0">places/3902765</subfield>
      </datafield>
   </record>