
   <record>
      <leader>00000nz  a2200000nc 4500</leader>
      <controlfield tag="001">institutions/51007496</controlfield>
      <controlfield tag="003">DE-633</controlfield>
      <controlfield tag="005">20250620052315.0</controlfield>
      <controlfield tag="008">231027||||z|||a|||||||||||||||||n||||||d</controlfield>
      <datafield tag="024" ind1="7" ind2=" ">
         <subfield code="a">152127429</subfield>
         <subfield code="2">VIAF</subfield>
      </datafield>
      <datafield tag="024" ind1="7" ind2=" ">
         <subfield code="a">240889246</subfield>
         <subfield code="2">VIAF</subfield>
      </datafield>
      <datafield tag="024" ind1="7" ind2=" ">
         <subfield code="a">7648-X</subfield>
         <subfield code="2">DNB</subfield>
      </datafield>
      <datafield tag="024" ind1="7" ind2=" ">
         <subfield code="a">4231450-1</subfield>
         <subfield code="2">DNB</subfield>
      </datafield>
      <datafield tag="024" ind1="7" ind2=" ">
         <subfield code="a">Q2348722</subfield>
         <subfield code="2">WKP</subfield>
      </datafield>
      <datafield tag="024" ind1="7" ind2=" ">
         <subfield code="a">CH-SGstia</subfield>
         <subfield code="q">siglum</subfield>
         <subfield code="2">rism</subfield>
      </datafield>
      <datafield tag="034" ind1="1" ind2=" ">
         <subfield code="d">9.377694767430379</subfield>
         <subfield code="f">47.423991371178886</subfield>
      </datafield>
      <datafield tag="040" ind1=" " ind2=" ">
         <subfield code="a">DE-633</subfield>
         <subfield code="c">DE-633</subfield>
         <subfield code="e">rismg</subfield>
      </datafield>
      <datafield tag="043" ind1=" " ind2=" ">
         <subfield code="c">XA-CH</subfield>
      </datafield>
      <datafield tag="110" ind1="1" ind2=" ">
         <subfield code="a">Stiftsarchiv St. Gallen</subfield>
         <subfield code="c">St. Gallen</subfield>
         <subfield code="g">CH-SGstia</subfield>
      </datafield>
      <datafield tag="368" ind1=" " ind2=" ">
         <subfield code="a">Institution</subfield>
         <subfield code="a">Library</subfield>
         <subfield code="a">Archive</subfield>
      </datafield>
      <datafield tag="371" ind1=" " ind2=" ">
         <subfield code="a">Regierungsgebäude</subfield>
         <subfield code="a">Klosterhof 1</subfield>
         <subfield code="b">9001 St.Gallen</subfield>
         <subfield code="c">Kanton St. Gallen</subfield>
         <subfield code="d">Switzerland</subfield>
         <subfield code="m">info.stiftsarchiv@sg.ch</subfield>
         <subfield code="u">https://www.sg.ch/kultur/stiftsarchiv.html</subfield>
         <subfield code="z">tel: +41 / (0)58 / 229 38 23</subfield>
      </datafield>
      <datafield tag="551" ind1="1" ind2=" ">
         <subfield code="a">St. Gallen</subfield>
         <subfield code="0">places/3900350</subfield>
      </datafield>
      <datafield tag="667" ind1=" " ind2=" ">
         <subfield code="a">Published sources: 1</subfield>
      </datafield>
      <datafield tag="678" ind1="1" ind2=" ">
         <subfield code="a">Zusammen mit dem Bestand der 1838 aufgehobenen Abtei Pfäfers (Abteil Pfäfers).</subfield>
      </datafield>
   </record>