
   <record>
      <leader>00000nz  a2200000nc 4500</leader>
      <controlfield tag="001">institutions/51000119</controlfield>
      <controlfield tag="003">DE-633</controlfield>
      <controlfield tag="005">20250620052234.0</controlfield>
      <controlfield tag="008">170126||||z|||a|||||||||||||||||n||||||d</controlfield>
      <datafield tag="024" ind1="7" ind2=" ">
         <subfield code="a">CH-SPpfa</subfield>
         <subfield code="q">siglum</subfield>
         <subfield code="2">rism</subfield>
      </datafield>
      <datafield tag="040" ind1=" " ind2=" ">
         <subfield code="a">DE-633</subfield>
         <subfield code="c">DE-633</subfield>
         <subfield code="e">rismg</subfield>
      </datafield>
      <datafield tag="043" ind1=" " ind2=" ">
         <subfield code="c">XA-CH</subfield>
      </datafield>
      <datafield tag="110" ind1="1" ind2=" ">
         <subfield code="a">Pfarrarchiv</subfield>
         <subfield code="c">Spiringen</subfield>
         <subfield code="g">CH-SPpfa</subfield>
      </datafield>
      <datafield tag="368" ind1=" " ind2=" ">
         <subfield code="a">Institution</subfield>
         <subfield code="a">Library</subfield>
      </datafield>
      <datafield tag="371" ind1=" " ind2=" ">
         <subfield code="b">Spiringen</subfield>
         <subfield code="c">Kanton Uri</subfield>
         <subfield code="d">Switzerland</subfield>
         <subfield code="e">6464</subfield>
         <subfield code="m">pfarramt.spiringen@bluewin.ch</subfield>
         <subfield code="u">http://www.spiringen.ch/index.htm</subfield>
         <subfield code="z">tel: +41 / (0)879 / 11 15</subfield>
         <subfield code="z">fax: +41 / (0)879 / 15 15</subfield>
         <subfield code="z">Kontaktperson: Pfarrer Jan Strancich</subfield>
      </datafield>
      <datafield tag="551" ind1="1" ind2=" ">
         <subfield code="a">Spiringen</subfield>
         <subfield code="0">places/4000007</subfield>
      </datafield>
      <datafield tag="680" ind1="1" ind2=" ">
         <subfield code="a">Pfarrkirche St. Michael</subfield>
      </datafield>
   </record>