
   <record>
      <leader>00000nz  a2200000nc 4500</leader>
      <controlfield tag="001">institutions/51007959</controlfield>
      <controlfield tag="003">DE-633</controlfield>
      <controlfield tag="005">20250620052318.0</controlfield>
      <controlfield tag="008">240528||||z|||a|||||||||||||||||n||||||d</controlfield>
      <datafield tag="024" ind1="7" ind2=" ">
         <subfield code="a">CH-STA</subfield>
         <subfield code="q">siglum</subfield>
         <subfield code="2">rism</subfield>
      </datafield>
      <datafield tag="034" ind1="1" ind2=" ">
         <subfield code="d">9.582493493508794</subfield>
         <subfield code="f">46.34280055219981</subfield>
      </datafield>
      <datafield tag="040" ind1=" " ind2=" ">
         <subfield code="a">DE-633</subfield>
         <subfield code="c">DE-633</subfield>
         <subfield code="e">rismg</subfield>
      </datafield>
      <datafield tag="043" ind1=" " ind2=" ">
         <subfield code="c">XA-CH</subfield>
      </datafield>
      <datafield tag="110" ind1="1" ind2=" ">
         <subfield code="a">Società storica Bregaglia, archivio storico</subfield>
         <subfield code="c">Stampa (Bregaglia)</subfield>
         <subfield code="g">CH-STA</subfield>
      </datafield>
      <datafield tag="368" ind1=" " ind2=" ">
         <subfield code="a">Institution</subfield>
         <subfield code="a">Archive</subfield>
         <subfield code="a">Library</subfield>
      </datafield>
      <datafield tag="371" ind1=" " ind2=" ">
         <subfield code="a">Palazzo Castelmur, Coltura 51</subfield>
         <subfield code="b">Stampa</subfield>
         <subfield code="c">Kanton Graubünden</subfield>
         <subfield code="d">Switzerland</subfield>
         <subfield code="e">7605</subfield>
         <subfield code="m">archiviostorico@bregaglia. ch</subfield>
         <subfield code="u">https://societastoricabregaglia.ch/documentazione/archivio-storico</subfield>
         <subfield code="z">contact: Elena Giacometti</subfield>
      </datafield>
      <datafield tag="551" ind1="1" ind2=" ">
         <subfield code="a">Stampa</subfield>
         <subfield code="0">places/50015754</subfield>
      </datafield>
      <datafield tag="667" ind1=" " ind2=" ">
         <subfield code="a">Published sources: 6</subfield>
      </datafield>
   </record>