
   <record>
      <leader>00000nz  a2200000nc 4500</leader>
      <controlfield tag="001">institutions/2267</controlfield>
      <controlfield tag="003">DE-633</controlfield>
      <controlfield tag="005">20250620051933.0</controlfield>
      <controlfield tag="008">161109||||z|||a|||||||||||||||||n||||||d</controlfield>
      <datafield tag="024" ind1="7" ind2=" ">
         <subfield code="a">CH-000003-X</subfield>
         <subfield code="2">ISIL</subfield>
      </datafield>
      <datafield tag="024" ind1="7" ind2=" ">
         <subfield code="a">125140155</subfield>
         <subfield code="2">VIAF</subfield>
      </datafield>
      <datafield tag="024" ind1="7" ind2=" ">
         <subfield code="a">CH-Zeth</subfield>
         <subfield code="q">siglum</subfield>
         <subfield code="2">rism</subfield>
      </datafield>
      <datafield tag="034" ind1="1" ind2=" ">
         <subfield code="d">8.547946</subfield>
         <subfield code="f">47.376482</subfield>
      </datafield>
      <datafield tag="040" ind1=" " ind2=" ">
         <subfield code="a">DE-633</subfield>
         <subfield code="c">DE-633</subfield>
         <subfield code="e">rismg</subfield>
      </datafield>
      <datafield tag="043" ind1=" " ind2=" ">
         <subfield code="c">XA-CH</subfield>
      </datafield>
      <datafield tag="110" ind1="1" ind2=" ">
         <subfield code="a">ETH-Bibliothek</subfield>
         <subfield code="c">Zürich</subfield>
         <subfield code="g">CH-Zeth</subfield>
      </datafield>
      <datafield tag="368" ind1=" " ind2=" ">
         <subfield code="a">Institution</subfield>
         <subfield code="a">Library</subfield>
      </datafield>
      <datafield tag="371" ind1=" " ind2=" ">
         <subfield code="a">Rämistrasse 101</subfield>
         <subfield code="b">Zürich</subfield>
         <subfield code="c">Kanton Zürich</subfield>
         <subfield code="d">Switzerland</subfield>
         <subfield code="e">8092</subfield>
         <subfield code="m">info@library.ethz.ch</subfield>
         <subfield code="u">http://www.library.ethz.ch/de/</subfield>
         <subfield code="z">tel: +41 / (0)44 / 632 21 35</subfield>
         <subfield code="z">fax: +41 / (0)44 / 632 10 87</subfield>
      </datafield>
      <datafield tag="410" ind1=" " ind2=" ">
         <subfield code="a">Eidgenössische Technische Hochschule Zürich</subfield>
      </datafield>
      <datafield tag="410" ind1=" " ind2=" ">
         <subfield code="a">ETH Zürich</subfield>
      </datafield>
      <datafield tag="551" ind1="1" ind2=" ">
         <subfield code="a">Zürich</subfield>
         <subfield code="0">places/3900136</subfield>
      </datafield>
      <datafield tag="667" ind1=" " ind2=" ">
         <subfield code="a">Published sources: 2</subfield>
      </datafield>
   </record>