
   <record>
      <leader>00000nz  a2200000nc 4500</leader>
      <controlfield tag="001">institutions/51005883</controlfield>
      <controlfield tag="003">DE-633</controlfield>
      <controlfield tag="005">20250620052304.0</controlfield>
      <controlfield tag="008">211203||||z|||a|||||||||||||||||n||||||d</controlfield>
      <datafield tag="024" ind1="7" ind2=" ">
         <subfield code="a">CH-Zpha</subfield>
         <subfield code="q">siglum</subfield>
         <subfield code="2">rism</subfield>
      </datafield>
      <datafield tag="034" ind1="1" ind2=" ">
         <subfield code="d">8.548300015660498</subfield>
         <subfield code="f">47.37230345445775</subfield>
      </datafield>
      <datafield tag="040" ind1=" " ind2=" ">
         <subfield code="a">DE-633</subfield>
         <subfield code="c">DE-633</subfield>
         <subfield code="e">rismg</subfield>
      </datafield>
      <datafield tag="043" ind1=" " ind2=" ">
         <subfield code="c">XA-CH</subfield>
      </datafield>
      <datafield tag="110" ind1="1" ind2=" ">
         <subfield code="a">Paul-Hindemith-Archiv am Musikwissenschaftlichen Institut der Universität Zürich</subfield>
         <subfield code="c">Zürich</subfield>
         <subfield code="g">CH-Zpha</subfield>
      </datafield>
      <datafield tag="368" ind1=" " ind2=" ">
         <subfield code="a">Institution</subfield>
         <subfield code="a">Library</subfield>
         <subfield code="a">Archive</subfield>
      </datafield>
      <datafield tag="371" ind1=" " ind2=" ">
         <subfield code="a">Musikwissenschaftliches Institut</subfield>
         <subfield code="a">Florhofgasse 11</subfield>
         <subfield code="b">Zürich</subfield>
         <subfield code="c">Kanton Zürich</subfield>
         <subfield code="d">Switzerland</subfield>
         <subfield code="e">8001</subfield>
         <subfield code="m">hindemith@mwi.uzh.ch</subfield>
         <subfield code="u">https://www.musik.uzh.ch/de/Aboutus_BC/Institut/hindemitharchiv.html</subfield>
         <subfield code="z">tel: +41 / (0)44 / 634 47 61</subfield>
      </datafield>
      <datafield tag="551" ind1="1" ind2=" ">
         <subfield code="a">Zürich</subfield>
         <subfield code="0">places/3900136</subfield>
      </datafield>
      <datafield tag="700" ind1="1" ind2=" ">
         <subfield code="a">Hindemith, Paul</subfield>
         <subfield code="d">1895-1963</subfield>
         <subfield code="0">people/90311</subfield>
         <subfield code="4">asn</subfield>
      </datafield>
   </record>