
   <record>
      <leader>00000nz  a2200000nc 4500</leader>
      <controlfield tag="001">institutions/51005305</controlfield>
      <controlfield tag="003">DE-633</controlfield>
      <controlfield tag="005">20250620052301.0</controlfield>
      <controlfield tag="008">210629||||z|||a|||||||||||||||||n||||||d</controlfield>
      <datafield tag="024" ind1="7" ind2=" ">
         <subfield code="a">155420474</subfield>
         <subfield code="2">VIAF</subfield>
      </datafield>
      <datafield tag="024" ind1="7" ind2=" ">
         <subfield code="a">151384945</subfield>
         <subfield code="2">VIAF</subfield>
      </datafield>
      <datafield tag="024" ind1="7" ind2=" ">
         <subfield code="a">Q2324789</subfield>
         <subfield code="2">WKP</subfield>
      </datafield>
      <datafield tag="024" ind1="7" ind2=" ">
         <subfield code="a">CH-Zstar</subfield>
         <subfield code="q">siglum</subfield>
         <subfield code="2">rism</subfield>
      </datafield>
      <datafield tag="034" ind1="1" ind2=" ">
         <subfield code="d">8.547100133740988</subfield>
         <subfield code="f">47.397315401098886</subfield>
      </datafield>
      <datafield tag="040" ind1=" " ind2=" ">
         <subfield code="a">DE-633</subfield>
         <subfield code="c">DE-633</subfield>
         <subfield code="e">rismg</subfield>
      </datafield>
      <datafield tag="043" ind1=" " ind2=" ">
         <subfield code="c">XA-CH</subfield>
      </datafield>
      <datafield tag="110" ind1="1" ind2=" ">
         <subfield code="a">Staatsarchiv Zürich</subfield>
         <subfield code="c">Zürich</subfield>
         <subfield code="g">CH-Zstar</subfield>
      </datafield>
      <datafield tag="368" ind1=" " ind2=" ">
         <subfield code="a">Institution</subfield>
         <subfield code="a">Library</subfield>
         <subfield code="a">Archive</subfield>
      </datafield>
      <datafield tag="371" ind1=" " ind2=" ">
         <subfield code="a">Winterthurerstrasse 170</subfield>
         <subfield code="b">Zürich</subfield>
         <subfield code="c">Kanton Zürich</subfield>
         <subfield code="d">Switzerland</subfield>
         <subfield code="e">8057</subfield>
         <subfield code="m">staatsarchivzh@ji.zh.ch</subfield>
         <subfield code="u">https://www.zh.ch/de/direktion-der-justiz-und-des-innern/staatsarchiv.html</subfield>
         <subfield code="z">tel: +41 / 43  258 50 00</subfield>
         <subfield code="z">fax: +41 / 43 258 52 49</subfield>
      </datafield>
      <datafield tag="410" ind1=" " ind2=" ">
         <subfield code="a">Staatsarchiv des Kantons Zürich</subfield>
      </datafield>
      <datafield tag="551" ind1="1" ind2=" ">
         <subfield code="a">Zürich</subfield>
         <subfield code="0">places/3900136</subfield>
      </datafield>
   </record>